2352 3023
175 940 301 1049 Multum
327 995 476 1057 disputatum
498 1000 534 1038 est
554 994 584 1040 de
605 994 686 1055 prima
706 994 830 1056 religionis
846 992 979 1056 interlic-

98 1061 176 1106 miucs
197 1063 288 1122 specie3
315 1063 399 1124 plures
427 1064 556 1126 scriptores
582 1063 674 1125 primas
701 1063 830 1109 hominum
852 1064 920 1109 ideas
948 1065 977 1109 de

37 1144 39 1147 ·
98 1129 152 1175 Deo
171 1128 201 1173 ad
218 1128 432 1190 lllonotheismum
447 1148 472 1178 sc
490 1129 584 1176 referre
599 1138 704 1193 Δ11111111,
729 1132 771 1177 sed
794 1130 905 1193 plerique
924 1129 977 1176 Po-

97 1197 254 1259 lytheismum
283 1199 444 1261 qualicunque
474 1198 573 1245 tandem
607 1198 696 1245 forma*
720 1207 847 1261 tamquam
876 1200 976 1245 initium

98 1267 176 1311 omnis
194 1265 315 1328 religionis
333 1274 447 1314 statuunt.
490 1267 560 1326 Quae
577 1267 660 1329 opinio
674 1268 797 1330 posterior
814 1267 897 1314 multis
915 1283 978 1314 sane·

97 1334 210 1396 'speciosis
228 1337 374 1396 argumentis
391 1337 488 1396 nititur;
505 1335 562 1398 quia
577 1335 668 1381 scilicet
683 1335 881 1382 lllonothcismus
896 1336 976 1383 multo

96 1402 266 1466 perfectiorem
288 1405 318 1449 de
344 1405 446 1450 numine
472 1404 553 1449 ideam
582 1419 656 1466 quarn
679 1403 860 1465 Polytheismus
887 1406 976 1450 maui-

96 1472 175 1522 festat,
216 1470 264 1517 Hic
287 1472 376 1534 puerili
400 1466 629 1518 lrorniuum'aetati
653 1473 730 1534 magis
757 1474 900 1530 convenire,
933 1472 974 1518 ille

95 1547 177 1586 'autern
202 1540 300 1586 demum
324 1540 390 1586 cultu
413 1541 488 1586 animi
511 1539 613 1585 humaui
638 1539 691 1602 jam
715 1540 817 1586 ulterius
841 1553 973 1603 progresso

96 1611 122 1655 iu
139 1608 267 1654 hominum
282 1615 363 1654 mente
381 1609 471 1654 exoriri
488 1623 567 1670 posse·
577 1607 681 1656 videtur.
722 1607 798 1653 Tum·
812 1609 880 1655 haud
900 1624 976 1670 sper-

96 1677 177 1724 uenda
202 1683 357 1739 argumenta,
384 1692 446 1738 quae
470 1677 609 1739 opinionem
629 1675 697 1722 illam
718 1675 878 1735 confirment,
903 1677 976 1723 nobis
1022 1724 1025 1732 ,

97 1746 172 1792 tradit
191 1745 293 1791 historia
322 1744 486 1806 cognitionum
513 1744 677 1790 humanarum
697 1752 726 1791 ‘et
752 1743 878 1809 religionis
908 1747 976 1807 apud
1056 1748 1058 1755 “

98 1829 181 1862 onmes
198 1815 308 1877 populos.
350 1813 385 1859 Ut
404 1812 473 1859 'enim
490 1828 575 1859 omnes
596 1813 746 1875 cognitiones
768 1828 783 1857 a
801 1813 884 1875 parvis
900 1809 976 1863 initiis
1034 1846 1036 1849 v

41 1884 42 1888 ’
98 1884 129 1930 ad
152 1899 273 1929 summum
294 1881 415 1944 fastigium
438 1881 571 1945 perductae
592 1887 660 1939 sunt,
686 1883 721 1934 ita
744 1882 819 1927 etiam
837 1882 987 1936 secundum,
1057 1879 1059 1883 ’

97 1952 223 1998 historiam
246 1951 356 1998 homines
377 1951 404 1997 in
427 1949 566 1996 notionibus
584 1950 616 1996 ad
633 1950 775 2012 religionem
793 1951 975 2012 pertinentibus

98 2021 186 2069 sensim
206 2020 377 2083 sensimquc'a
398 2018 565 2081 Polytlreismc
589 2018 620 2064 ad
640 2016 864 2079 Monotheisruum,
892 2020 979 2082 primo

99 2089 195 2153 quidem
213 2089 352 2135 falsum—
369 2097 426 2133 enm
443 2087 511 2147 dico,
536 2087 670 2133 secundum
690 2102 763 2150 quern
778 2087 876 2134 sensilia
894 2088 977 2152 aliqua

98 2159 137 2219 vel
158 2157 263 2222 populus
284 2171 361 2203 tinum
384 2156 482 2218 quidem
505 2155 588 2201 Deum
612 2155 684 2213 colit,
713 2157 756 2202 sed
783 2157 842 2203 alios
863 2157 978 2216 homiues

38 2247 45 2250 ‘¹
98 2216 157 2275 alios
173 2242 231 2276 vere
247 2225 313 2272 Deos
330 2225 433 2270 adorare
448 2222 520 2303 putat
540 2251 576 2260 --
598 2230 622 2270 et
639 2224 673 2270 ab
687 2224 735 2270 hoc
749 2215 860 2272 tandein
869 2226 900 2272 ad
917 2224 978 2272 Mo

53 2324 55 2326 ·
97 2296 263 2343 notheismum
284 2309 387 2357 purum7
417 2309 465 2357 quo
493 2309 571 2340 unum
596 2293 706 2340 omnium
727 2309 813 2341 rerum
841 2303 979 2342 creatorem

90 2373 123 2413 'et
140 2365 335 2429 gubernatorem
346 2378 397 2409 esse
414 2362 525 2410 homines
543 2363 659 2441 credunt,
685 2364 810 2426 progressi
823 2371 886 2412 sunt,
929 2362 978 2410 At
1024 2372 1050 2408 .“

98 2443 182 2483 temen
204 2434 264 2489 haec
281 2434 431 2479 documenta
449 2432 559 2495 speciosa
581 2432 657 2494 magis
683 2447 735 2478 esse
760 2433 877 2480 videntur
903 2427 980 2496 quain

98 2516 163 2556 vera.
204 2503 262 2551 Non
278 2509 396 2565 negamus
412 2501 488 2548 illum
498 2518 512 2547 a
528 2501 601 2564 Polyt
592 2500 695 2548 theismo
714 2501 746 2548 ad
765 2494 981 2550 1110110111θί111111111

98 2563 268 2642 progressum,
288 2572 341 2622 ‘sed
365 2587 423 2621 sane
446 2571 643 2643 quaeripotest
658 2586 741 2642 annon
776 2573 896 2626 exstiterit
924 2580 983 2644 ante

702 2660 751 2716 1*.
859 2655 872 2664 ”
